@comment{This file has been generated by Pybliographer}

@Book{weissmann2014vire,
  title={Vire o jogo com Spring Framework},
  author={Weissmann, Henrique Lobo},
  year={2014},
  publisher={Editora Casa do C{\'o}digo}
}